[gd_resource type="OpenXRActionMap" load_steps=197 format=3 uid="uid://dopsy7u5yoqo8"]

[sub_resource type="OpenXRAction" id="OpenXRAction_hxlvp"]
resource_name = "trigger"
localized_name = "Trigger"
toplevel_paths = PackedStringArray("/user/hand/left", "/user/hand/right")

[sub_resource type="OpenXRAction" id="OpenXRAction_daurk"]
resource_name = "trigger_click"
localized_name = "Trigger click"
action_type = 0
toplevel_paths = PackedStringArray("/user/hand/left", "/user/hand/right")

[sub_resource type="OpenXRAction" id="OpenXRAction_1u75m"]
resource_name = "trigger_touch"
localized_name = "Trigger touching"
action_type = 0
toplevel_paths = PackedStringArray("/user/hand/left", "/user/hand/right")

[sub_resource type="OpenXRAction" id="OpenXRAction_84obj"]
resource_name = "grip"
localized_name = "Grip"
toplevel_paths = PackedStringArray("/user/hand/left", "/user/hand/right")

[sub_resource type="OpenXRAction" id="OpenXRAction_6bpop"]
resource_name = "grip_click"
localized_name = "Grip click"
action_type = 0
toplevel_paths = PackedStringArray("/user/hand/left", "/user/hand/right")

[sub_resource type="OpenXRAction" id="OpenXRAction_f7qh4"]
resource_name = "grip_touch"
localized_name = "Grip touching"
action_type = 0
toplevel_paths = PackedStringArray("/user/hand/left", "/user/hand/right")

[sub_resource type="OpenXRAction" id="OpenXRAction_njyc2"]
resource_name = "grip_force"
localized_name = "Grip force"
toplevel_paths = PackedStringArray("/user/hand/left", "/user/hand/right")

[sub_resource type="OpenXRAction" id="OpenXRAction_hygm7"]
resource_name = "primary"
localized_name = "Primary joystick/thumbstick/trackpad"
action_type = 2
toplevel_paths = PackedStringArray("/user/hand/left", "/user/hand/right")

[sub_resource type="OpenXRAction" id="OpenXRAction_uwm2g"]
resource_name = "primary_click"
localized_name = "Primary joystick/thumbstick/trackpad click"
action_type = 0
toplevel_paths = PackedStringArray("/user/hand/left", "/user/hand/right")

[sub_resource type="OpenXRAction" id="OpenXRAction_7lxl5"]
resource_name = "primary_touch"
localized_name = "Primary joystick/thumbstick/trackpad touching"
action_type = 0
toplevel_paths = PackedStringArray("/user/hand/left", "/user/hand/right")

[sub_resource type="OpenXRAction" id="OpenXRAction_rsp8r"]
resource_name = "secondary"
localized_name = "Secondary joystick/thumbstick/trackpad"
action_type = 2
toplevel_paths = PackedStringArray("/user/hand/left", "/user/hand/right")

[sub_resource type="OpenXRAction" id="OpenXRAction_tni5w"]
resource_name = "secondary_click"
localized_name = "Secondary joystick/thumbstick/trackpad click"
action_type = 0
toplevel_paths = PackedStringArray("/user/hand/left", "/user/hand/right")

[sub_resource type="OpenXRAction" id="OpenXRAction_ny88x"]
resource_name = "secondary_touch"
localized_name = "Secondary joystick/thumbstick/trackpad touching"
action_type = 0
toplevel_paths = PackedStringArray("/user/hand/left", "/user/hand/right")

[sub_resource type="OpenXRAction" id="OpenXRAction_2kj3c"]
resource_name = "menu_button"
localized_name = "Menu button"
action_type = 0
toplevel_paths = PackedStringArray("/user/hand/left", "/user/hand/right")

[sub_resource type="OpenXRAction" id="OpenXRAction_1hqu5"]
resource_name = "select_button"
localized_name = "Select button"
action_type = 0
toplevel_paths = PackedStringArray("/user/hand/left", "/user/hand/right")

[sub_resource type="OpenXRAction" id="OpenXRAction_aybwd"]
resource_name = "ax_button"
localized_name = "A/X button"
action_type = 0
toplevel_paths = PackedStringArray("/user/hand/left", "/user/hand/right")

[sub_resource type="OpenXRAction" id="OpenXRAction_2iach"]
resource_name = "ax_touch"
localized_name = "A/X touching"
action_type = 0
toplevel_paths = PackedStringArray("/user/hand/left", "/user/hand/right")

[sub_resource type="OpenXRAction" id="OpenXRAction_uoclb"]
resource_name = "by_button"
localized_name = "B/Y button"
action_type = 0
toplevel_paths = PackedStringArray("/user/hand/left", "/user/hand/right")

[sub_resource type="OpenXRAction" id="OpenXRAction_08yyo"]
resource_name = "by_touch"
localized_name = "B/Y touching"
action_type = 0
toplevel_paths = PackedStringArray("/user/hand/left", "/user/hand/right")

[sub_resource type="OpenXRAction" id="OpenXRAction_wdify"]
resource_name = "default_pose"
localized_name = "Default pose"
action_type = 3
toplevel_paths = PackedStringArray("/user/hand/left", "/user/hand/right", "/user/vive_tracker_htcx/role/left_foot", "/user/vive_tracker_htcx/role/right_foot", "/user/vive_tracker_htcx/role/left_shoulder", "/user/vive_tracker_htcx/role/right_shoulder", "/user/vive_tracker_htcx/role/left_elbow", "/user/vive_tracker_htcx/role/right_elbow", "/user/vive_tracker_htcx/role/left_knee", "/user/vive_tracker_htcx/role/right_knee", "/user/vive_tracker_htcx/role/waist", "/user/vive_tracker_htcx/role/chest", "/user/vive_tracker_htcx/role/camera", "/user/vive_tracker_htcx/role/keyboard")

[sub_resource type="OpenXRAction" id="OpenXRAction_4abk0"]
resource_name = "aim_pose"
localized_name = "Aim pose"
action_type = 3
toplevel_paths = PackedStringArray("/user/hand/left", "/user/hand/right")

[sub_resource type="OpenXRAction" id="OpenXRAction_5etvr"]
resource_name = "grip_pose"
localized_name = "Grip pose"
action_type = 3
toplevel_paths = PackedStringArray("/user/hand/left", "/user/hand/right")

[sub_resource type="OpenXRAction" id="OpenXRAction_ykkk7"]
resource_name = "palm_pose"
localized_name = "Palm pose"
action_type = 3
toplevel_paths = PackedStringArray("/user/hand/left", "/user/hand/right")

[sub_resource type="OpenXRAction" id="OpenXRAction_1o15v"]
resource_name = "haptic"
localized_name = "Haptic"
action_type = 4
toplevel_paths = PackedStringArray("/user/hand/left", "/user/hand/right", "/user/vive_tracker_htcx/role/left_foot", "/user/vive_tracker_htcx/role/right_foot", "/user/vive_tracker_htcx/role/left_shoulder", "/user/vive_tracker_htcx/role/right_shoulder", "/user/vive_tracker_htcx/role/left_elbow", "/user/vive_tracker_htcx/role/right_elbow", "/user/vive_tracker_htcx/role/left_knee", "/user/vive_tracker_htcx/role/right_knee", "/user/vive_tracker_htcx/role/waist", "/user/vive_tracker_htcx/role/chest", "/user/vive_tracker_htcx/role/camera", "/user/vive_tracker_htcx/role/keyboard")

[sub_resource type="OpenXRActionSet" id="OpenXRActionSet_phm5r"]
resource_name = "godot"
localized_name = "Godot action set"
actions = [SubResource("OpenXRAction_hxlvp"), SubResource("OpenXRAction_daurk"), SubResource("OpenXRAction_1u75m"), SubResource("OpenXRAction_84obj"), SubResource("OpenXRAction_6bpop"), SubResource("OpenXRAction_f7qh4"), SubResource("OpenXRAction_njyc2"), SubResource("OpenXRAction_hygm7"), SubResource("OpenXRAction_uwm2g"), SubResource("OpenXRAction_7lxl5"), SubResource("OpenXRAction_rsp8r"), SubResource("OpenXRAction_tni5w"), SubResource("OpenXRAction_ny88x"), SubResource("OpenXRAction_2kj3c"), SubResource("OpenXRAction_1hqu5"), SubResource("OpenXRAction_aybwd"), SubResource("OpenXRAction_2iach"), SubResource("OpenXRAction_uoclb"), SubResource("OpenXRAction_08yyo"), SubResource("OpenXRAction_wdify"), SubResource("OpenXRAction_4abk0"), SubResource("OpenXRAction_5etvr"), SubResource("OpenXRAction_ykkk7"), SubResource("OpenXRAction_1o15v")]

[sub_resource type="OpenXRIPBinding" id="OpenXRIPBinding_8kpbn"]
action = SubResource("OpenXRAction_wdify")
paths = PackedStringArray("/user/hand/left/input/aim/pose", "/user/hand/right/input/aim/pose")

[sub_resource type="OpenXRIPBinding" id="OpenXRIPBinding_ng6cv"]
action = SubResource("OpenXRAction_4abk0")
paths = PackedStringArray("/user/hand/left/input/aim/pose", "/user/hand/right/input/aim/pose")

[sub_resource type="OpenXRIPBinding" id="OpenXRIPBinding_tjqqj"]
action = SubResource("OpenXRAction_5etvr")
paths = PackedStringArray("/user/hand/left/input/grip/pose", "/user/hand/right/input/grip/pose")

[sub_resource type="OpenXRIPBinding" id="OpenXRIPBinding_8dgrm"]
action = SubResource("OpenXRAction_ykkk7")
paths = PackedStringArray("/user/hand/left/input/palm_ext/pose", "/user/hand/right/input/palm_ext/pose")

[sub_resource type="OpenXRIPBinding" id="OpenXRIPBinding_ao67r"]
action = SubResource("OpenXRAction_2kj3c")
paths = PackedStringArray("/user/hand/left/input/menu/click", "/user/hand/right/input/menu/click")

[sub_resource type="OpenXRIPBinding" id="OpenXRIPBinding_n1i4x"]
action = SubResource("OpenXRAction_1hqu5")
paths = PackedStringArray("/user/hand/left/input/select/click", "/user/hand/right/input/select/click")

[sub_resource type="OpenXRIPBinding" id="OpenXRIPBinding_sgv3u"]
action = SubResource("OpenXRAction_1o15v")
paths = PackedStringArray("/user/hand/left/output/haptic", "/user/hand/right/output/haptic")

[sub_resource type="OpenXRInteractionProfile" id="OpenXRInteractionProfile_vgysp"]
interaction_profile_path = "/interaction_profiles/khr/simple_controller"
bindings = [SubResource("OpenXRIPBinding_8kpbn"), SubResource("OpenXRIPBinding_ng6cv"), SubResource("OpenXRIPBinding_tjqqj"), SubResource("OpenXRIPBinding_8dgrm"), SubResource("OpenXRIPBinding_ao67r"), SubResource("OpenXRIPBinding_n1i4x"), SubResource("OpenXRIPBinding_sgv3u")]

[sub_resource type="OpenXRIPBinding" id="OpenXRIPBinding_byefq"]
action = SubResource("OpenXRAction_wdify")
paths = PackedStringArray("/user/hand/left/input/aim/pose", "/user/hand/right/input/aim/pose")

[sub_resource type="OpenXRIPBinding" id="OpenXRIPBinding_rvj2b"]
action = SubResource("OpenXRAction_4abk0")
paths = PackedStringArray("/user/hand/left/input/aim/pose", "/user/hand/right/input/aim/pose")

[sub_resource type="OpenXRIPBinding" id="OpenXRIPBinding_xjx4h"]
action = SubResource("OpenXRAction_5etvr")
paths = PackedStringArray("/user/hand/left/input/grip/pose", "/user/hand/right/input/grip/pose")

[sub_resource type="OpenXRIPBinding" id="OpenXRIPBinding_xrow5"]
action = SubResource("OpenXRAction_ykkk7")
paths = PackedStringArray("/user/hand/left/input/palm_ext/pose", "/user/hand/right/input/palm_ext/pose")

[sub_resource type="OpenXRIPBinding" id="OpenXRIPBinding_1edio"]
action = SubResource("OpenXRAction_2kj3c")
paths = PackedStringArray("/user/hand/left/input/menu/click", "/user/hand/right/input/menu/click")

[sub_resource type="OpenXRIPBinding" id="OpenXRIPBinding_fu7lf"]
action = SubResource("OpenXRAction_1hqu5")
paths = PackedStringArray("/user/hand/left/input/system/click", "/user/hand/right/input/system/click")

[sub_resource type="OpenXRIPBinding" id="OpenXRIPBinding_8fibe"]
action = SubResource("OpenXRAction_hxlvp")
paths = PackedStringArray("/user/hand/left/input/trigger/value", "/user/hand/right/input/trigger/value")

[sub_resource type="OpenXRIPBinding" id="OpenXRIPBinding_w7x7k"]
action = SubResource("OpenXRAction_daurk")
paths = PackedStringArray("/user/hand/left/input/trigger/click", "/user/hand/right/input/trigger/click")

[sub_resource type="OpenXRIPBinding" id="OpenXRIPBinding_eki8x"]
action = SubResource("OpenXRAction_84obj")
paths = PackedStringArray("/user/hand/left/input/squeeze/click", "/user/hand/right/input/squeeze/click")

[sub_resource type="OpenXRIPBinding" id="OpenXRIPBinding_av4qt"]
action = SubResource("OpenXRAction_6bpop")
paths = PackedStringArray("/user/hand/left/input/squeeze/click", "/user/hand/right/input/squeeze/click")

[sub_resource type="OpenXRIPBinding" id="OpenXRIPBinding_5rhg4"]
action = SubResource("OpenXRAction_hygm7")
paths = PackedStringArray("/user/hand/left/input/trackpad", "/user/hand/right/input/trackpad")

[sub_resource type="OpenXRIPBinding" id="OpenXRIPBinding_kibmb"]
action = SubResource("OpenXRAction_uwm2g")
paths = PackedStringArray("/user/hand/left/input/trackpad/click", "/user/hand/right/input/trackpad/click")

[sub_resource type="OpenXRIPBinding" id="OpenXRIPBinding_kreem"]
action = SubResource("OpenXRAction_7lxl5")
paths = PackedStringArray("/user/hand/left/input/trackpad/touch", "/user/hand/right/input/trackpad/touch")

[sub_resource type="OpenXRIPBinding" id="OpenXRIPBinding_k5y6r"]
action = SubResource("OpenXRAction_1o15v")
paths = PackedStringArray("/user/hand/left/output/haptic", "/user/hand/right/output/haptic")

[sub_resource type="OpenXRInteractionProfile" id="OpenXRInteractionProfile_e76ql"]
interaction_profile_path = "/interaction_profiles/htc/vive_controller"
bindings = [SubResource("OpenXRIPBinding_byefq"), SubResource("OpenXRIPBinding_rvj2b"), SubResource("OpenXRIPBinding_xjx4h"), SubResource("OpenXRIPBinding_xrow5"), SubResource("OpenXRIPBinding_1edio"), SubResource("OpenXRIPBinding_fu7lf"), SubResource("OpenXRIPBinding_8fibe"), SubResource("OpenXRIPBinding_w7x7k"), SubResource("OpenXRIPBinding_eki8x"), SubResource("OpenXRIPBinding_av4qt"), SubResource("OpenXRIPBinding_5rhg4"), SubResource("OpenXRIPBinding_kibmb"), SubResource("OpenXRIPBinding_kreem"), SubResource("OpenXRIPBinding_k5y6r")]

[sub_resource type="OpenXRIPBinding" id="OpenXRIPBinding_40twu"]
action = SubResource("OpenXRAction_wdify")
paths = PackedStringArray("/user/hand/left/input/aim/pose", "/user/hand/right/input/aim/pose")

[sub_resource type="OpenXRIPBinding" id="OpenXRIPBinding_fi7hv"]
action = SubResource("OpenXRAction_4abk0")
paths = PackedStringArray("/user/hand/left/input/aim/pose", "/user/hand/right/input/aim/pose")

[sub_resource type="OpenXRIPBinding" id="OpenXRIPBinding_dvyex"]
action = SubResource("OpenXRAction_5etvr")
paths = PackedStringArray("/user/hand/left/input/grip/pose", "/user/hand/right/input/grip/pose")

[sub_resource type="OpenXRIPBinding" id="OpenXRIPBinding_jk1jr"]
action = SubResource("OpenXRAction_ykkk7")
paths = PackedStringArray("/user/hand/left/input/palm_ext/pose", "/user/hand/right/input/palm_ext/pose")

[sub_resource type="OpenXRIPBinding" id="OpenXRIPBinding_gdhck"]
action = SubResource("OpenXRAction_2kj3c")
paths = PackedStringArray("/user/hand/left/input/menu/click", "/user/hand/right/input/menu/click")

[sub_resource type="OpenXRIPBinding" id="OpenXRIPBinding_invai"]
action = SubResource("OpenXRAction_hxlvp")
paths = PackedStringArray("/user/hand/left/input/trigger/value", "/user/hand/right/input/trigger/value")

[sub_resource type="OpenXRIPBinding" id="OpenXRIPBinding_vb1pn"]
action = SubResource("OpenXRAction_daurk")
paths = PackedStringArray("/user/hand/left/input/trigger/value", "/user/hand/right/input/trigger/value")

[sub_resource type="OpenXRIPBinding" id="OpenXRIPBinding_lci31"]
action = SubResource("OpenXRAction_84obj")
paths = PackedStringArray("/user/hand/left/input/squeeze/click", "/user/hand/right/input/squeeze/click")

[sub_resource type="OpenXRIPBinding" id="OpenXRIPBinding_bftve"]
action = SubResource("OpenXRAction_6bpop")
paths = PackedStringArray("/user/hand/left/input/squeeze/click", "/user/hand/right/input/squeeze/click")

[sub_resource type="OpenXRIPBinding" id="OpenXRIPBinding_o2atk"]
action = SubResource("OpenXRAction_hygm7")
paths = PackedStringArray("/user/hand/left/input/thumbstick", "/user/hand/right/input/thumbstick")

[sub_resource type="OpenXRIPBinding" id="OpenXRIPBinding_2l30d"]
action = SubResource("OpenXRAction_uwm2g")
paths = PackedStringArray("/user/hand/left/input/thumbstick/click", "/user/hand/right/input/thumbstick/click")

[sub_resource type="OpenXRIPBinding" id="OpenXRIPBinding_ijjql"]
action = SubResource("OpenXRAction_rsp8r")
paths = PackedStringArray("/user/hand/left/input/trackpad", "/user/hand/right/input/trackpad")

[sub_resource type="OpenXRIPBinding" id="OpenXRIPBinding_8fprs"]
action = SubResource("OpenXRAction_tni5w")
paths = PackedStringArray("/user/hand/left/input/trackpad/click", "/user/hand/right/input/trackpad/click")

[sub_resource type="OpenXRIPBinding" id="OpenXRIPBinding_hhudh"]
action = SubResource("OpenXRAction_ny88x")
paths = PackedStringArray("/user/hand/left/input/trackpad/touch", "/user/hand/right/input/trackpad/touch")

[sub_resource type="OpenXRIPBinding" id="OpenXRIPBinding_by3pt"]
action = SubResource("OpenXRAction_1o15v")
paths = PackedStringArray("/user/hand/left/output/haptic", "/user/hand/right/output/haptic")

[sub_resource type="OpenXRInteractionProfile" id="OpenXRInteractionProfile_77122"]
interaction_profile_path = "/interaction_profiles/microsoft/motion_controller"
bindings = [SubResource("OpenXRIPBinding_40twu"), SubResource("OpenXRIPBinding_fi7hv"), SubResource("OpenXRIPBinding_dvyex"), SubResource("OpenXRIPBinding_jk1jr"), SubResource("OpenXRIPBinding_gdhck"), SubResource("OpenXRIPBinding_invai"), SubResource("OpenXRIPBinding_vb1pn"), SubResource("OpenXRIPBinding_lci31"), SubResource("OpenXRIPBinding_bftve"), SubResource("OpenXRIPBinding_o2atk"), SubResource("OpenXRIPBinding_2l30d"), SubResource("OpenXRIPBinding_ijjql"), SubResource("OpenXRIPBinding_8fprs"), SubResource("OpenXRIPBinding_hhudh"), SubResource("OpenXRIPBinding_by3pt")]

[sub_resource type="OpenXRIPBinding" id="OpenXRIPBinding_mjg2o"]
action = SubResource("OpenXRAction_wdify")
paths = PackedStringArray("/user/hand/left/input/aim/pose", "/user/hand/right/input/aim/pose")

[sub_resource type="OpenXRIPBinding" id="OpenXRIPBinding_gur2s"]
action = SubResource("OpenXRAction_4abk0")
paths = PackedStringArray("/user/hand/left/input/aim/pose", "/user/hand/right/input/aim/pose")

[sub_resource type="OpenXRIPBinding" id="OpenXRIPBinding_v7anv"]
action = SubResource("OpenXRAction_5etvr")
paths = PackedStringArray("/user/hand/left/input/grip/pose", "/user/hand/right/input/grip/pose")

[sub_resource type="OpenXRIPBinding" id="OpenXRIPBinding_hrmc8"]
action = SubResource("OpenXRAction_ykkk7")
paths = PackedStringArray("/user/hand/left/input/palm_ext/pose", "/user/hand/right/input/palm_ext/pose")

[sub_resource type="OpenXRIPBinding" id="OpenXRIPBinding_qyab4"]
action = SubResource("OpenXRAction_2kj3c")
paths = PackedStringArray("/user/hand/left/input/menu/click", "/user/hand/right/input/system/click")

[sub_resource type="OpenXRIPBinding" id="OpenXRIPBinding_325gs"]
action = SubResource("OpenXRAction_aybwd")
paths = PackedStringArray("/user/hand/left/input/x/click", "/user/hand/right/input/a/click")

[sub_resource type="OpenXRIPBinding" id="OpenXRIPBinding_826gr"]
action = SubResource("OpenXRAction_2iach")
paths = PackedStringArray("/user/hand/left/input/x/touch", "/user/hand/right/input/a/touch")

[sub_resource type="OpenXRIPBinding" id="OpenXRIPBinding_y1h5g"]
action = SubResource("OpenXRAction_uoclb")
paths = PackedStringArray("/user/hand/left/input/y/click", "/user/hand/right/input/b/click")

[sub_resource type="OpenXRIPBinding" id="OpenXRIPBinding_lxgod"]
action = SubResource("OpenXRAction_08yyo")
paths = PackedStringArray("/user/hand/left/input/y/touch", "/user/hand/right/input/b/touch")

[sub_resource type="OpenXRIPBinding" id="OpenXRIPBinding_885j5"]
action = SubResource("OpenXRAction_hxlvp")
paths = PackedStringArray("/user/hand/left/input/trigger/value", "/user/hand/right/input/trigger/value")

[sub_resource type="OpenXRIPBinding" id="OpenXRIPBinding_dijfy"]
action = SubResource("OpenXRAction_daurk")
paths = PackedStringArray("/user/hand/left/input/trigger/value", "/user/hand/right/input/trigger/value")

[sub_resource type="OpenXRIPBinding" id="OpenXRIPBinding_1jqpm"]
action = SubResource("OpenXRAction_1u75m")
paths = PackedStringArray("/user/hand/left/input/trigger/touch", "/user/hand/right/input/trigger/touch")

[sub_resource type="OpenXRIPBinding" id="OpenXRIPBinding_bkqkf"]
action = SubResource("OpenXRAction_84obj")
paths = PackedStringArray("/user/hand/left/input/squeeze/value", "/user/hand/right/input/squeeze/value")

[sub_resource type="OpenXRIPBinding" id="OpenXRIPBinding_qam8i"]
action = SubResource("OpenXRAction_6bpop")
paths = PackedStringArray("/user/hand/left/input/squeeze/value", "/user/hand/right/input/squeeze/value")

[sub_resource type="OpenXRIPBinding" id="OpenXRIPBinding_8ddft"]
action = SubResource("OpenXRAction_hygm7")
paths = PackedStringArray("/user/hand/left/input/thumbstick", "/user/hand/right/input/thumbstick")

[sub_resource type="OpenXRIPBinding" id="OpenXRIPBinding_nugo7"]
action = SubResource("OpenXRAction_uwm2g")
paths = PackedStringArray("/user/hand/left/input/thumbstick/click", "/user/hand/right/input/thumbstick/click")

[sub_resource type="OpenXRIPBinding" id="OpenXRIPBinding_n1gwm"]
action = SubResource("OpenXRAction_7lxl5")
paths = PackedStringArray("/user/hand/left/input/thumbstick/touch", "/user/hand/right/input/thumbstick/touch")

[sub_resource type="OpenXRIPBinding" id="OpenXRIPBinding_4xa0w"]
action = SubResource("OpenXRAction_1o15v")
paths = PackedStringArray("/user/hand/left/output/haptic", "/user/hand/right/output/haptic")

[sub_resource type="OpenXRInteractionProfile" id="OpenXRInteractionProfile_0gttj"]
interaction_profile_path = "/interaction_profiles/oculus/touch_controller"
bindings = [SubResource("OpenXRIPBinding_mjg2o"), SubResource("OpenXRIPBinding_gur2s"), SubResource("OpenXRIPBinding_v7anv"), SubResource("OpenXRIPBinding_hrmc8"), SubResource("OpenXRIPBinding_qyab4"), SubResource("OpenXRIPBinding_325gs"), SubResource("OpenXRIPBinding_826gr"), SubResource("OpenXRIPBinding_y1h5g"), SubResource("OpenXRIPBinding_lxgod"), SubResource("OpenXRIPBinding_885j5"), SubResource("OpenXRIPBinding_dijfy"), SubResource("OpenXRIPBinding_1jqpm"), SubResource("OpenXRIPBinding_bkqkf"), SubResource("OpenXRIPBinding_qam8i"), SubResource("OpenXRIPBinding_8ddft"), SubResource("OpenXRIPBinding_nugo7"), SubResource("OpenXRIPBinding_n1gwm"), SubResource("OpenXRIPBinding_4xa0w")]

[sub_resource type="OpenXRIPBinding" id="OpenXRIPBinding_h8k5j"]
action = SubResource("OpenXRAction_wdify")
paths = PackedStringArray("/user/hand/left/input/aim/pose", "/user/hand/right/input/aim/pose")

[sub_resource type="OpenXRIPBinding" id="OpenXRIPBinding_y6upp"]
action = SubResource("OpenXRAction_4abk0")
paths = PackedStringArray("/user/hand/left/input/aim/pose", "/user/hand/right/input/aim/pose")

[sub_resource type="OpenXRIPBinding" id="OpenXRIPBinding_4t8w4"]
action = SubResource("OpenXRAction_5etvr")
paths = PackedStringArray("/user/hand/left/input/grip/pose", "/user/hand/right/input/grip/pose")

[sub_resource type="OpenXRIPBinding" id="OpenXRIPBinding_6xbak"]
action = SubResource("OpenXRAction_ykkk7")
paths = PackedStringArray("/user/hand/left/input/palm_ext/pose", "/user/hand/right/input/palm_ext/pose")

[sub_resource type="OpenXRIPBinding" id="OpenXRIPBinding_ury5f"]
action = SubResource("OpenXRAction_1hqu5")
paths = PackedStringArray("/user/hand/left/input/system/click", "/user/hand/right/input/system/click")

[sub_resource type="OpenXRIPBinding" id="OpenXRIPBinding_cg3gb"]
action = SubResource("OpenXRAction_2kj3c")
paths = PackedStringArray("/user/hand/left/input/back/click", "/user/hand/right/input/back/click")

[sub_resource type="OpenXRIPBinding" id="OpenXRIPBinding_6yk7v"]
action = SubResource("OpenXRAction_aybwd")
paths = PackedStringArray("/user/hand/left/input/x/click", "/user/hand/right/input/a/click")

[sub_resource type="OpenXRIPBinding" id="OpenXRIPBinding_l56wv"]
action = SubResource("OpenXRAction_2iach")
paths = PackedStringArray("/user/hand/left/input/x/touch", "/user/hand/right/input/a/touch")

[sub_resource type="OpenXRIPBinding" id="OpenXRIPBinding_fqp2l"]
action = SubResource("OpenXRAction_uoclb")
paths = PackedStringArray("/user/hand/left/input/y/click", "/user/hand/right/input/b/click")

[sub_resource type="OpenXRIPBinding" id="OpenXRIPBinding_m2w3o"]
action = SubResource("OpenXRAction_08yyo")
paths = PackedStringArray("/user/hand/left/input/y/touch", "/user/hand/right/input/b/touch")

[sub_resource type="OpenXRIPBinding" id="OpenXRIPBinding_8gpyg"]
action = SubResource("OpenXRAction_hxlvp")
paths = PackedStringArray("/user/hand/left/input/trigger/value", "/user/hand/right/input/trigger/value")

[sub_resource type="OpenXRIPBinding" id="OpenXRIPBinding_g7xpt"]
action = SubResource("OpenXRAction_daurk")
paths = PackedStringArray("/user/hand/left/input/trigger/value", "/user/hand/right/input/trigger/value")

[sub_resource type="OpenXRIPBinding" id="OpenXRIPBinding_xe52m"]
action = SubResource("OpenXRAction_1u75m")
paths = PackedStringArray("/user/hand/left/input/trigger/touch", "/user/hand/right/input/trigger/touch")

[sub_resource type="OpenXRIPBinding" id="OpenXRIPBinding_xhfmo"]
action = SubResource("OpenXRAction_84obj")
paths = PackedStringArray("/user/hand/left/input/squeeze/value", "/user/hand/right/input/squeeze/value")

[sub_resource type="OpenXRIPBinding" id="OpenXRIPBinding_b0au5"]
action = SubResource("OpenXRAction_6bpop")
paths = PackedStringArray("/user/hand/left/input/squeeze/value", "/user/hand/right/input/squeeze/value")

[sub_resource type="OpenXRIPBinding" id="OpenXRIPBinding_gxcm2"]
action = SubResource("OpenXRAction_hygm7")
paths = PackedStringArray("/user/hand/left/input/thumbstick", "/user/hand/right/input/thumbstick")

[sub_resource type="OpenXRIPBinding" id="OpenXRIPBinding_8o20b"]
action = SubResource("OpenXRAction_uwm2g")
paths = PackedStringArray("/user/hand/left/input/thumbstick/click", "/user/hand/right/input/thumbstick/click")

[sub_resource type="OpenXRIPBinding" id="OpenXRIPBinding_hvs0f"]
action = SubResource("OpenXRAction_7lxl5")
paths = PackedStringArray("/user/hand/left/input/thumbstick/touch", "/user/hand/right/input/thumbstick/touch")

[sub_resource type="OpenXRIPBinding" id="OpenXRIPBinding_fw5tg"]
action = SubResource("OpenXRAction_1o15v")
paths = PackedStringArray("/user/hand/left/output/haptic", "/user/hand/right/output/haptic")

[sub_resource type="OpenXRInteractionProfile" id="OpenXRInteractionProfile_fxsep"]
interaction_profile_path = "/interaction_profiles/pico/neo3_controller"
bindings = [SubResource("OpenXRIPBinding_h8k5j"), SubResource("OpenXRIPBinding_y6upp"), SubResource("OpenXRIPBinding_4t8w4"), SubResource("OpenXRIPBinding_6xbak"), SubResource("OpenXRIPBinding_ury5f"), SubResource("OpenXRIPBinding_cg3gb"), SubResource("OpenXRIPBinding_6yk7v"), SubResource("OpenXRIPBinding_l56wv"), SubResource("OpenXRIPBinding_fqp2l"), SubResource("OpenXRIPBinding_m2w3o"), SubResource("OpenXRIPBinding_8gpyg"), SubResource("OpenXRIPBinding_g7xpt"), SubResource("OpenXRIPBinding_xe52m"), SubResource("OpenXRIPBinding_xhfmo"), SubResource("OpenXRIPBinding_b0au5"), SubResource("OpenXRIPBinding_gxcm2"), SubResource("OpenXRIPBinding_8o20b"), SubResource("OpenXRIPBinding_hvs0f"), SubResource("OpenXRIPBinding_fw5tg")]

[sub_resource type="OpenXRIPBinding" id="OpenXRIPBinding_xf2od"]
action = SubResource("OpenXRAction_wdify")
paths = PackedStringArray("/user/hand/left/input/aim/pose", "/user/hand/right/input/aim/pose")

[sub_resource type="OpenXRIPBinding" id="OpenXRIPBinding_wgaop"]
action = SubResource("OpenXRAction_4abk0")
paths = PackedStringArray("/user/hand/left/input/aim/pose", "/user/hand/right/input/aim/pose")

[sub_resource type="OpenXRIPBinding" id="OpenXRIPBinding_l83rw"]
action = SubResource("OpenXRAction_5etvr")
paths = PackedStringArray("/user/hand/left/input/grip/pose", "/user/hand/right/input/grip/pose")

[sub_resource type="OpenXRIPBinding" id="OpenXRIPBinding_8qtet"]
action = SubResource("OpenXRAction_ykkk7")
paths = PackedStringArray("/user/hand/left/input/palm_ext/pose", "/user/hand/right/input/palm_ext/pose")

[sub_resource type="OpenXRIPBinding" id="OpenXRIPBinding_pl5yv"]
action = SubResource("OpenXRAction_2kj3c")
paths = PackedStringArray("/user/hand/left/input/system/click", "/user/hand/right/input/system/click")

[sub_resource type="OpenXRIPBinding" id="OpenXRIPBinding_1ng4j"]
action = SubResource("OpenXRAction_aybwd")
paths = PackedStringArray("/user/hand/left/input/a/click", "/user/hand/right/input/a/click")

[sub_resource type="OpenXRIPBinding" id="OpenXRIPBinding_w80xc"]
action = SubResource("OpenXRAction_2iach")
paths = PackedStringArray("/user/hand/left/input/a/touch", "/user/hand/right/input/a/touch")

[sub_resource type="OpenXRIPBinding" id="OpenXRIPBinding_0whhk"]
action = SubResource("OpenXRAction_uoclb")
paths = PackedStringArray("/user/hand/left/input/b/click", "/user/hand/right/input/b/click")

[sub_resource type="OpenXRIPBinding" id="OpenXRIPBinding_3tdym"]
action = SubResource("OpenXRAction_08yyo")
paths = PackedStringArray("/user/hand/left/input/b/touch", "/user/hand/right/input/b/touch")

[sub_resource type="OpenXRIPBinding" id="OpenXRIPBinding_qww5u"]
action = SubResource("OpenXRAction_hxlvp")
paths = PackedStringArray("/user/hand/left/input/trigger/value", "/user/hand/right/input/trigger/value")

[sub_resource type="OpenXRIPBinding" id="OpenXRIPBinding_xp6bw"]
action = SubResource("OpenXRAction_daurk")
paths = PackedStringArray("/user/hand/left/input/trigger/click", "/user/hand/right/input/trigger/click")

[sub_resource type="OpenXRIPBinding" id="OpenXRIPBinding_br6af"]
action = SubResource("OpenXRAction_1u75m")
paths = PackedStringArray("/user/hand/left/input/trigger/touch", "/user/hand/right/input/trigger/touch")

[sub_resource type="OpenXRIPBinding" id="OpenXRIPBinding_5ee6u"]
action = SubResource("OpenXRAction_84obj")
paths = PackedStringArray("/user/hand/left/input/squeeze/value", "/user/hand/right/input/squeeze/value")

[sub_resource type="OpenXRIPBinding" id="OpenXRIPBinding_nluhd"]
action = SubResource("OpenXRAction_6bpop")
paths = PackedStringArray("/user/hand/left/input/squeeze/value", "/user/hand/right/input/squeeze/value")

[sub_resource type="OpenXRIPBinding" id="OpenXRIPBinding_lplxh"]
action = SubResource("OpenXRAction_njyc2")
paths = PackedStringArray("/user/hand/left/input/squeeze/force", "/user/hand/right/input/squeeze/force")

[sub_resource type="OpenXRIPBinding" id="OpenXRIPBinding_8tqu5"]
action = SubResource("OpenXRAction_hygm7")
paths = PackedStringArray("/user/hand/left/input/thumbstick", "/user/hand/right/input/thumbstick")

[sub_resource type="OpenXRIPBinding" id="OpenXRIPBinding_w114p"]
action = SubResource("OpenXRAction_uwm2g")
paths = PackedStringArray("/user/hand/left/input/thumbstick/click", "/user/hand/right/input/thumbstick/click")

[sub_resource type="OpenXRIPBinding" id="OpenXRIPBinding_8fxxr"]
action = SubResource("OpenXRAction_7lxl5")
paths = PackedStringArray("/user/hand/left/input/thumbstick/touch", "/user/hand/right/input/thumbstick/touch")

[sub_resource type="OpenXRIPBinding" id="OpenXRIPBinding_snel0"]
action = SubResource("OpenXRAction_rsp8r")
paths = PackedStringArray("/user/hand/left/input/trackpad", "/user/hand/right/input/trackpad")

[sub_resource type="OpenXRIPBinding" id="OpenXRIPBinding_dsek5"]
action = SubResource("OpenXRAction_tni5w")
paths = PackedStringArray("/user/hand/left/input/trackpad/force", "/user/hand/right/input/trackpad/force")

[sub_resource type="OpenXRIPBinding" id="OpenXRIPBinding_q3npy"]
action = SubResource("OpenXRAction_ny88x")
paths = PackedStringArray("/user/hand/left/input/trackpad/touch", "/user/hand/right/input/trackpad/touch")

[sub_resource type="OpenXRIPBinding" id="OpenXRIPBinding_0frdh"]
action = SubResource("OpenXRAction_1o15v")
paths = PackedStringArray("/user/hand/left/output/haptic", "/user/hand/right/output/haptic")

[sub_resource type="OpenXRInteractionProfile" id="OpenXRInteractionProfile_q4xi3"]
interaction_profile_path = "/interaction_profiles/valve/index_controller"
bindings = [SubResource("OpenXRIPBinding_xf2od"), SubResource("OpenXRIPBinding_wgaop"), SubResource("OpenXRIPBinding_l83rw"), SubResource("OpenXRIPBinding_8qtet"), SubResource("OpenXRIPBinding_pl5yv"), SubResource("OpenXRIPBinding_1ng4j"), SubResource("OpenXRIPBinding_w80xc"), SubResource("OpenXRIPBinding_0whhk"), SubResource("OpenXRIPBinding_3tdym"), SubResource("OpenXRIPBinding_qww5u"), SubResource("OpenXRIPBinding_xp6bw"), SubResource("OpenXRIPBinding_br6af"), SubResource("OpenXRIPBinding_5ee6u"), SubResource("OpenXRIPBinding_nluhd"), SubResource("OpenXRIPBinding_lplxh"), SubResource("OpenXRIPBinding_8tqu5"), SubResource("OpenXRIPBinding_w114p"), SubResource("OpenXRIPBinding_8fxxr"), SubResource("OpenXRIPBinding_snel0"), SubResource("OpenXRIPBinding_dsek5"), SubResource("OpenXRIPBinding_q3npy"), SubResource("OpenXRIPBinding_0frdh")]

[sub_resource type="OpenXRIPBinding" id="OpenXRIPBinding_05nlq"]
action = SubResource("OpenXRAction_wdify")
paths = PackedStringArray("/user/hand/left/input/aim/pose", "/user/hand/right/input/aim/pose")

[sub_resource type="OpenXRIPBinding" id="OpenXRIPBinding_11b3t"]
action = SubResource("OpenXRAction_4abk0")
paths = PackedStringArray("/user/hand/left/input/aim/pose", "/user/hand/right/input/aim/pose")

[sub_resource type="OpenXRIPBinding" id="OpenXRIPBinding_1aeb8"]
action = SubResource("OpenXRAction_5etvr")
paths = PackedStringArray("/user/hand/left/input/grip/pose", "/user/hand/right/input/grip/pose")

[sub_resource type="OpenXRIPBinding" id="OpenXRIPBinding_icvej"]
action = SubResource("OpenXRAction_ykkk7")
paths = PackedStringArray("/user/hand/left/input/palm_ext/pose", "/user/hand/right/input/palm_ext/pose")

[sub_resource type="OpenXRIPBinding" id="OpenXRIPBinding_l2pam"]
action = SubResource("OpenXRAction_2kj3c")
paths = PackedStringArray("/user/hand/left/input/menu/click", "/user/hand/right/input/menu/click")

[sub_resource type="OpenXRIPBinding" id="OpenXRIPBinding_yuanu"]
action = SubResource("OpenXRAction_aybwd")
paths = PackedStringArray("/user/hand/left/input/x/click", "/user/hand/right/input/a/click")

[sub_resource type="OpenXRIPBinding" id="OpenXRIPBinding_ncmwb"]
action = SubResource("OpenXRAction_uoclb")
paths = PackedStringArray("/user/hand/left/input/y/click", "/user/hand/right/input/b/click")

[sub_resource type="OpenXRIPBinding" id="OpenXRIPBinding_yb6fd"]
action = SubResource("OpenXRAction_hxlvp")
paths = PackedStringArray("/user/hand/left/input/trigger/value", "/user/hand/right/input/trigger/value")

[sub_resource type="OpenXRIPBinding" id="OpenXRIPBinding_g8iu7"]
action = SubResource("OpenXRAction_daurk")
paths = PackedStringArray("/user/hand/left/input/trigger/value", "/user/hand/right/input/trigger/value")

[sub_resource type="OpenXRIPBinding" id="OpenXRIPBinding_leqdg"]
action = SubResource("OpenXRAction_84obj")
paths = PackedStringArray("/user/hand/left/input/squeeze/value", "/user/hand/right/input/squeeze/value")

[sub_resource type="OpenXRIPBinding" id="OpenXRIPBinding_1qq6x"]
action = SubResource("OpenXRAction_6bpop")
paths = PackedStringArray("/user/hand/left/input/squeeze/value", "/user/hand/right/input/squeeze/value")

[sub_resource type="OpenXRIPBinding" id="OpenXRIPBinding_3pm3l"]
action = SubResource("OpenXRAction_hygm7")
paths = PackedStringArray("/user/hand/left/input/thumbstick", "/user/hand/right/input/thumbstick")

[sub_resource type="OpenXRIPBinding" id="OpenXRIPBinding_sky6o"]
action = SubResource("OpenXRAction_uwm2g")
paths = PackedStringArray("/user/hand/left/input/thumbstick/click", "/user/hand/right/input/thumbstick/click")

[sub_resource type="OpenXRIPBinding" id="OpenXRIPBinding_7goxb"]
action = SubResource("OpenXRAction_1o15v")
paths = PackedStringArray("/user/hand/left/output/haptic", "/user/hand/right/output/haptic")

[sub_resource type="OpenXRInteractionProfile" id="OpenXRInteractionProfile_mpwsp"]
interaction_profile_path = "/interaction_profiles/hp/mixed_reality_controller"
bindings = [SubResource("OpenXRIPBinding_05nlq"), SubResource("OpenXRIPBinding_11b3t"), SubResource("OpenXRIPBinding_1aeb8"), SubResource("OpenXRIPBinding_icvej"), SubResource("OpenXRIPBinding_l2pam"), SubResource("OpenXRIPBinding_yuanu"), SubResource("OpenXRIPBinding_ncmwb"), SubResource("OpenXRIPBinding_yb6fd"), SubResource("OpenXRIPBinding_g8iu7"), SubResource("OpenXRIPBinding_leqdg"), SubResource("OpenXRIPBinding_1qq6x"), SubResource("OpenXRIPBinding_3pm3l"), SubResource("OpenXRIPBinding_sky6o"), SubResource("OpenXRIPBinding_7goxb")]

[sub_resource type="OpenXRIPBinding" id="OpenXRIPBinding_k1lii"]
action = SubResource("OpenXRAction_wdify")
paths = PackedStringArray("/user/hand/left/input/aim/pose", "/user/hand/right/input/aim/pose")

[sub_resource type="OpenXRIPBinding" id="OpenXRIPBinding_u8jus"]
action = SubResource("OpenXRAction_4abk0")
paths = PackedStringArray("/user/hand/left/input/aim/pose", "/user/hand/right/input/aim/pose")

[sub_resource type="OpenXRIPBinding" id="OpenXRIPBinding_up663"]
action = SubResource("OpenXRAction_5etvr")
paths = PackedStringArray("/user/hand/left/input/grip/pose", "/user/hand/right/input/grip/pose")

[sub_resource type="OpenXRIPBinding" id="OpenXRIPBinding_pr23r"]
action = SubResource("OpenXRAction_ykkk7")
paths = PackedStringArray("/user/hand/left/input/palm_ext/pose", "/user/hand/right/input/palm_ext/pose")

[sub_resource type="OpenXRIPBinding" id="OpenXRIPBinding_auel3"]
action = SubResource("OpenXRAction_2kj3c")
paths = PackedStringArray("/user/hand/left/input/menu/click", "/user/hand/right/input/menu/click")

[sub_resource type="OpenXRIPBinding" id="OpenXRIPBinding_pq0lq"]
action = SubResource("OpenXRAction_hxlvp")
paths = PackedStringArray("/user/hand/left/input/trigger/value", "/user/hand/right/input/trigger/value")

[sub_resource type="OpenXRIPBinding" id="OpenXRIPBinding_uvrj7"]
action = SubResource("OpenXRAction_daurk")
paths = PackedStringArray("/user/hand/left/input/trigger/value", "/user/hand/right/input/trigger/value")

[sub_resource type="OpenXRIPBinding" id="OpenXRIPBinding_n38kx"]
action = SubResource("OpenXRAction_84obj")
paths = PackedStringArray("/user/hand/left/input/squeeze/click", "/user/hand/right/input/squeeze/click")

[sub_resource type="OpenXRIPBinding" id="OpenXRIPBinding_ijfbe"]
action = SubResource("OpenXRAction_6bpop")
paths = PackedStringArray("/user/hand/left/input/squeeze/click", "/user/hand/right/input/squeeze/click")

[sub_resource type="OpenXRIPBinding" id="OpenXRIPBinding_2ayag"]
action = SubResource("OpenXRAction_hygm7")
paths = PackedStringArray("/user/hand/left/input/thumbstick", "/user/hand/right/input/thumbstick")

[sub_resource type="OpenXRIPBinding" id="OpenXRIPBinding_langq"]
action = SubResource("OpenXRAction_uwm2g")
paths = PackedStringArray("/user/hand/left/input/thumbstick/click", "/user/hand/right/input/thumbstick/click")

[sub_resource type="OpenXRIPBinding" id="OpenXRIPBinding_6x8s6"]
action = SubResource("OpenXRAction_rsp8r")
paths = PackedStringArray("/user/hand/left/input/trackpad", "/user/hand/right/input/trackpad")

[sub_resource type="OpenXRIPBinding" id="OpenXRIPBinding_ojwo7"]
action = SubResource("OpenXRAction_tni5w")
paths = PackedStringArray("/user/hand/left/input/trackpad/click", "/user/hand/right/input/trackpad/click")

[sub_resource type="OpenXRIPBinding" id="OpenXRIPBinding_yp48t"]
action = SubResource("OpenXRAction_ny88x")
paths = PackedStringArray("/user/hand/left/input/trackpad/touch", "/user/hand/right/input/trackpad/touch")

[sub_resource type="OpenXRIPBinding" id="OpenXRIPBinding_bi7nl"]
action = SubResource("OpenXRAction_1o15v")
paths = PackedStringArray("/user/hand/left/output/haptic", "/user/hand/right/output/haptic")

[sub_resource type="OpenXRInteractionProfile" id="OpenXRInteractionProfile_4ojux"]
interaction_profile_path = "/interaction_profiles/samsung/odyssey_controller"
bindings = [SubResource("OpenXRIPBinding_k1lii"), SubResource("OpenXRIPBinding_u8jus"), SubResource("OpenXRIPBinding_up663"), SubResource("OpenXRIPBinding_pr23r"), SubResource("OpenXRIPBinding_auel3"), SubResource("OpenXRIPBinding_pq0lq"), SubResource("OpenXRIPBinding_uvrj7"), SubResource("OpenXRIPBinding_n38kx"), SubResource("OpenXRIPBinding_ijfbe"), SubResource("OpenXRIPBinding_2ayag"), SubResource("OpenXRIPBinding_langq"), SubResource("OpenXRIPBinding_6x8s6"), SubResource("OpenXRIPBinding_ojwo7"), SubResource("OpenXRIPBinding_yp48t"), SubResource("OpenXRIPBinding_bi7nl")]

[sub_resource type="OpenXRIPBinding" id="OpenXRIPBinding_h1cte"]
action = SubResource("OpenXRAction_wdify")
paths = PackedStringArray("/user/hand/left/input/aim/pose", "/user/hand/right/input/aim/pose")

[sub_resource type="OpenXRIPBinding" id="OpenXRIPBinding_lr55q"]
action = SubResource("OpenXRAction_4abk0")
paths = PackedStringArray("/user/hand/left/input/aim/pose", "/user/hand/right/input/aim/pose")

[sub_resource type="OpenXRIPBinding" id="OpenXRIPBinding_m71y8"]
action = SubResource("OpenXRAction_5etvr")
paths = PackedStringArray("/user/hand/left/input/grip/pose", "/user/hand/right/input/grip/pose")

[sub_resource type="OpenXRIPBinding" id="OpenXRIPBinding_db8u2"]
action = SubResource("OpenXRAction_ykkk7")
paths = PackedStringArray("/user/hand/left/input/palm_ext/pose", "/user/hand/right/input/palm_ext/pose")

[sub_resource type="OpenXRIPBinding" id="OpenXRIPBinding_l7on0"]
action = SubResource("OpenXRAction_2kj3c")
paths = PackedStringArray("/user/hand/left/input/menu/click")

[sub_resource type="OpenXRIPBinding" id="OpenXRIPBinding_y0jig"]
action = SubResource("OpenXRAction_1hqu5")
paths = PackedStringArray("/user/hand/left/input/system/click")

[sub_resource type="OpenXRIPBinding" id="OpenXRIPBinding_vtxg3"]
action = SubResource("OpenXRAction_aybwd")
paths = PackedStringArray("/user/hand/left/input/x/click", "/user/hand/right/input/a/click")

[sub_resource type="OpenXRIPBinding" id="OpenXRIPBinding_x2p0s"]
action = SubResource("OpenXRAction_uoclb")
paths = PackedStringArray("/user/hand/left/input/y/click", "/user/hand/right/input/b/click")

[sub_resource type="OpenXRIPBinding" id="OpenXRIPBinding_0cvdg"]
action = SubResource("OpenXRAction_hxlvp")
paths = PackedStringArray("/user/hand/left/input/trigger/value", "/user/hand/right/input/trigger/value")

[sub_resource type="OpenXRIPBinding" id="OpenXRIPBinding_o6f4u"]
action = SubResource("OpenXRAction_daurk")
paths = PackedStringArray("/user/hand/left/input/trigger/click", "/user/hand/right/input/trigger/click")

[sub_resource type="OpenXRIPBinding" id="OpenXRIPBinding_f2ufu"]
action = SubResource("OpenXRAction_84obj")
paths = PackedStringArray("/user/hand/left/input/squeeze/click", "/user/hand/right/input/squeeze/click")

[sub_resource type="OpenXRIPBinding" id="OpenXRIPBinding_slwbh"]
action = SubResource("OpenXRAction_6bpop")
paths = PackedStringArray("/user/hand/left/input/squeeze/click", "/user/hand/right/input/squeeze/click")

[sub_resource type="OpenXRIPBinding" id="OpenXRIPBinding_23vwf"]
action = SubResource("OpenXRAction_hygm7")
paths = PackedStringArray("/user/hand/left/input/thumbstick", "/user/hand/right/input/thumbstick")

[sub_resource type="OpenXRIPBinding" id="OpenXRIPBinding_a44kq"]
action = SubResource("OpenXRAction_uwm2g")
paths = PackedStringArray("/user/hand/left/input/thumbstick/click", "/user/hand/right/input/thumbstick/click")

[sub_resource type="OpenXRIPBinding" id="OpenXRIPBinding_wul2v"]
action = SubResource("OpenXRAction_7lxl5")
paths = PackedStringArray("/user/hand/left/input/thumbstick/touch", "/user/hand/right/input/thumbstick/touch")

[sub_resource type="OpenXRIPBinding" id="OpenXRIPBinding_lo0wt"]
action = SubResource("OpenXRAction_1o15v")
paths = PackedStringArray("/user/hand/left/output/haptic", "/user/hand/right/output/haptic")

[sub_resource type="OpenXRInteractionProfile" id="OpenXRInteractionProfile_w5rqx"]
interaction_profile_path = "/interaction_profiles/htc/vive_cosmos_controller"
bindings = [SubResource("OpenXRIPBinding_h1cte"), SubResource("OpenXRIPBinding_lr55q"), SubResource("OpenXRIPBinding_m71y8"), SubResource("OpenXRIPBinding_db8u2"), SubResource("OpenXRIPBinding_l7on0"), SubResource("OpenXRIPBinding_y0jig"), SubResource("OpenXRIPBinding_vtxg3"), SubResource("OpenXRIPBinding_x2p0s"), SubResource("OpenXRIPBinding_0cvdg"), SubResource("OpenXRIPBinding_o6f4u"), SubResource("OpenXRIPBinding_f2ufu"), SubResource("OpenXRIPBinding_slwbh"), SubResource("OpenXRIPBinding_23vwf"), SubResource("OpenXRIPBinding_a44kq"), SubResource("OpenXRIPBinding_wul2v"), SubResource("OpenXRIPBinding_lo0wt")]

[sub_resource type="OpenXRIPBinding" id="OpenXRIPBinding_lql4c"]
action = SubResource("OpenXRAction_wdify")
paths = PackedStringArray("/user/hand/left/input/aim/pose", "/user/hand/right/input/aim/pose")

[sub_resource type="OpenXRIPBinding" id="OpenXRIPBinding_00rt6"]
action = SubResource("OpenXRAction_4abk0")
paths = PackedStringArray("/user/hand/left/input/aim/pose", "/user/hand/right/input/aim/pose")

[sub_resource type="OpenXRIPBinding" id="OpenXRIPBinding_2c0jn"]
action = SubResource("OpenXRAction_5etvr")
paths = PackedStringArray("/user/hand/left/input/grip/pose", "/user/hand/right/input/grip/pose")

[sub_resource type="OpenXRIPBinding" id="OpenXRIPBinding_subi5"]
action = SubResource("OpenXRAction_ykkk7")
paths = PackedStringArray("/user/hand/left/input/palm_ext/pose", "/user/hand/right/input/palm_ext/pose")

[sub_resource type="OpenXRIPBinding" id="OpenXRIPBinding_ikndl"]
action = SubResource("OpenXRAction_2kj3c")
paths = PackedStringArray("/user/hand/left/input/menu/click")

[sub_resource type="OpenXRIPBinding" id="OpenXRIPBinding_o3sfs"]
action = SubResource("OpenXRAction_1hqu5")
paths = PackedStringArray("/user/hand/left/input/system/click")

[sub_resource type="OpenXRIPBinding" id="OpenXRIPBinding_r03kl"]
action = SubResource("OpenXRAction_aybwd")
paths = PackedStringArray("/user/hand/left/input/x/click", "/user/hand/right/input/a/click")

[sub_resource type="OpenXRIPBinding" id="OpenXRIPBinding_1ojrb"]
action = SubResource("OpenXRAction_uoclb")
paths = PackedStringArray("/user/hand/left/input/y/click", "/user/hand/right/input/b/click")

[sub_resource type="OpenXRIPBinding" id="OpenXRIPBinding_bpvqp"]
action = SubResource("OpenXRAction_hxlvp")
paths = PackedStringArray("/user/hand/left/input/trigger/value", "/user/hand/right/input/trigger/value")

[sub_resource type="OpenXRIPBinding" id="OpenXRIPBinding_xx2mq"]
action = SubResource("OpenXRAction_daurk")
paths = PackedStringArray("/user/hand/left/input/trigger/click", "/user/hand/right/input/trigger/click")

[sub_resource type="OpenXRIPBinding" id="OpenXRIPBinding_occhc"]
action = SubResource("OpenXRAction_1u75m")
paths = PackedStringArray("/user/hand/left/input/trigger/touch", "/user/hand/right/input/trigger/touch")

[sub_resource type="OpenXRIPBinding" id="OpenXRIPBinding_bpsqk"]
action = SubResource("OpenXRAction_84obj")
paths = PackedStringArray("/user/hand/left/input/squeeze/click", "/user/hand/right/input/squeeze/click")

[sub_resource type="OpenXRIPBinding" id="OpenXRIPBinding_fxr5n"]
action = SubResource("OpenXRAction_6bpop")
paths = PackedStringArray("/user/hand/left/input/squeeze/click", "/user/hand/right/input/squeeze/click")

[sub_resource type="OpenXRIPBinding" id="OpenXRIPBinding_hhdxp"]
action = SubResource("OpenXRAction_hygm7")
paths = PackedStringArray("/user/hand/left/input/thumbstick", "/user/hand/right/input/thumbstick")

[sub_resource type="OpenXRIPBinding" id="OpenXRIPBinding_tvwyc"]
action = SubResource("OpenXRAction_uwm2g")
paths = PackedStringArray("/user/hand/left/input/thumbstick/click", "/user/hand/right/input/thumbstick/click")

[sub_resource type="OpenXRIPBinding" id="OpenXRIPBinding_lds2c"]
action = SubResource("OpenXRAction_7lxl5")
paths = PackedStringArray("/user/hand/left/input/thumbstick/touch", "/user/hand/right/input/thumbstick/touch")

[sub_resource type="OpenXRIPBinding" id="OpenXRIPBinding_piv3j"]
action = SubResource("OpenXRAction_ny88x")
paths = PackedStringArray("/user/hand/left/input/thumbrest/touch", "/user/hand/right/input/thumbrest/touch")

[sub_resource type="OpenXRIPBinding" id="OpenXRIPBinding_24d8y"]
action = SubResource("OpenXRAction_1o15v")
paths = PackedStringArray("/user/hand/left/output/haptic", "/user/hand/right/output/haptic")

[sub_resource type="OpenXRInteractionProfile" id="OpenXRInteractionProfile_158ir"]
interaction_profile_path = "/interaction_profiles/htc/vive_focus3_controller"
bindings = [SubResource("OpenXRIPBinding_lql4c"), SubResource("OpenXRIPBinding_00rt6"), SubResource("OpenXRIPBinding_2c0jn"), SubResource("OpenXRIPBinding_subi5"), SubResource("OpenXRIPBinding_ikndl"), SubResource("OpenXRIPBinding_o3sfs"), SubResource("OpenXRIPBinding_r03kl"), SubResource("OpenXRIPBinding_1ojrb"), SubResource("OpenXRIPBinding_bpvqp"), SubResource("OpenXRIPBinding_xx2mq"), SubResource("OpenXRIPBinding_occhc"), SubResource("OpenXRIPBinding_bpsqk"), SubResource("OpenXRIPBinding_fxr5n"), SubResource("OpenXRIPBinding_hhdxp"), SubResource("OpenXRIPBinding_tvwyc"), SubResource("OpenXRIPBinding_lds2c"), SubResource("OpenXRIPBinding_piv3j"), SubResource("OpenXRIPBinding_24d8y")]

[sub_resource type="OpenXRIPBinding" id="OpenXRIPBinding_4p0xr"]
action = SubResource("OpenXRAction_wdify")
paths = PackedStringArray("/user/vive_tracker_htcx/role/left_foot/input/grip/pose", "/user/vive_tracker_htcx/role/right_foot/input/grip/pose", "/user/vive_tracker_htcx/role/left_shoulder/input/grip/pose", "/user/vive_tracker_htcx/role/right_shoulder/input/grip/pose", "/user/vive_tracker_htcx/role/left_elbow/input/grip/pose", "/user/vive_tracker_htcx/role/right_elbow/input/grip/pose", "/user/vive_tracker_htcx/role/left_knee/input/grip/pose", "/user/vive_tracker_htcx/role/right_knee/input/grip/pose", "/user/vive_tracker_htcx/role/waist/input/grip/pose", "/user/vive_tracker_htcx/role/chest/input/grip/pose", "/user/vive_tracker_htcx/role/camera/input/grip/pose", "/user/vive_tracker_htcx/role/keyboard/input/grip/pose")

[sub_resource type="OpenXRIPBinding" id="OpenXRIPBinding_7rqbx"]
action = SubResource("OpenXRAction_1o15v")
paths = PackedStringArray("/user/vive_tracker_htcx/role/left_foot/output/haptic", "/user/vive_tracker_htcx/role/right_foot/output/haptic", "/user/vive_tracker_htcx/role/left_shoulder/output/haptic", "/user/vive_tracker_htcx/role/right_shoulder/output/haptic", "/user/vive_tracker_htcx/role/left_elbow/output/haptic", "/user/vive_tracker_htcx/role/right_elbow/output/haptic", "/user/vive_tracker_htcx/role/left_knee/output/haptic", "/user/vive_tracker_htcx/role/right_knee/output/haptic", "/user/vive_tracker_htcx/role/waist/output/haptic", "/user/vive_tracker_htcx/role/chest/output/haptic", "/user/vive_tracker_htcx/role/camera/output/haptic", "/user/vive_tracker_htcx/role/keyboard/output/haptic")

[sub_resource type="OpenXRInteractionProfile" id="OpenXRInteractionProfile_auecm"]
interaction_profile_path = "/interaction_profiles/htc/vive_tracker_htcx"
bindings = [SubResource("OpenXRIPBinding_4p0xr"), SubResource("OpenXRIPBinding_7rqbx")]

[resource]
action_sets = [SubResource("OpenXRActionSet_phm5r")]
interaction_profiles = [SubResource("OpenXRInteractionProfile_vgysp"), SubResource("OpenXRInteractionProfile_e76ql"), SubResource("OpenXRInteractionProfile_77122"), SubResource("OpenXRInteractionProfile_0gttj"), SubResource("OpenXRInteractionProfile_fxsep"), SubResource("OpenXRInteractionProfile_q4xi3"), SubResource("OpenXRInteractionProfile_mpwsp"), SubResource("OpenXRInteractionProfile_4ojux"), SubResource("OpenXRInteractionProfile_w5rqx"), SubResource("OpenXRInteractionProfile_158ir"), SubResource("OpenXRInteractionProfile_auecm")]
